@article{Risqi201837Survey,
    title = {{37 Visual SLAM and Structure from Motion in Dynamic Environments: A Survey}},
    year = {2018},
    journal = {ACM Reference format},
    author = {Risqi, Muhamad and Saputra, U and Markham, Andrew and Trigoni, Niki},
    volume = {51},
    url = {https://doi.org/10.1145/3177853},
    doi = {10.1145/3177853},
    keywords = {Additional Key Words and Phrases: Structure from motion, visual SLAM, deep learning, 3D reconstruction, visual odometry, motion segmentation, dynamic object segmentation, 3D tracking, dynamic environments, CCS Concepts: • General and reference → Surveys and overviews, Reconstruction, Tracking, • Computing methodologies → Image segmentation}
}

@article{Han20183DState-of-the-Art,
    title = {{3D Point Cloud Descriptors in Hand-crafted and Deep Learning Age: State-of-the-Art}},
    year = {2018},
    author = {Han, Xian-Feng and Sun, Shi-Jie and Song, Xiang-Yu and Xiao, Guo-Qiang},
    month = {2},
    url = {https://www.researchgate.net/profile/Xian-Feng-Han/publication/323003836_A_comprehensive_review_of_3D_point_cloud_descriptors/links/5a7ffb940f7e9be137c7ba43/A-comprehensive-review-of-3D-point-cloud-descriptors.pdf},
    arxivId = {1802.02297}
}

@article{Seitz2006AAlgorithms,
    title = {{A comparison and evaluation of multi-view stereo reconstruction algorithms}},
    year = {2006},
    journal = {Proceedings of the IEEE Computer Society Conference on Computer Vision and Pattern Recognition},
    author = {Seitz, Steven M. and Curless, Brian and Diebel, James and Scharstein, Daniel and Szeliski, Richard},
    pages = {519--526},
    volume = {1},
    isbn = {0769525970},
    doi = {10.1109/CVPR.2006.19},
    issn = {10636919}
}

@techreport{Osterman1981AProjections,
    title = {{A computer algorithm for reconstructing a scene from two projections}},
    year = {1981},
    booktitle = {Palaeogeogr. Palaeodimarol. Palaeoecol},
    author = {Osterman, L E and Opdyke, N D and Webb, P N and Ronan, T E and Jr, Lipps J H and Delaca, T E},
    number = {9},
    pages = {206--212},
    volume = {293},
    isbn = {37013303{\$}01}
}

@inproceedings{Prathap2016AMosaicing,
    title = {{A critical review on Image Mosaicing}},
    year = {2016},
    booktitle = {2016 International Conference on Computer Communication and Informatics, ICCCI 2016},
    author = {Prathap, K. Sai Venu and Jilani, S. A.K. and Reddy, P. Ramana},
    month = {5},
    publisher = {Institute of Electrical and Electronics Engineers Inc.},
    isbn = {9781467366793},
    doi = {10.1109/ICCCI.2016.7480028},
    keywords = {Blending, Corner Detector, Homography, Image Registration, Mosaicing, Warping}
}

@misc{Larsson2019ASegmentation,
    title = {{A Cross-Season Correspondence Dataset for Robust Semantic Segmentation}},
    year = {2019},
    author = {Larsson, Mans and Stenborg, Erik and Hammarstrand, Lars and Pollefeys, Marc and Sattler, Torsten and Kahl, Fredrik},
    pages = {9532--9542},
    url = {https://visuallocalization.net}
}

@article{KapociAData,
    title = {{A Domain-Specific Generative Chatbot Trained from Little Data}},
    author = {Kapo{\v{c}}i, Jurgita and Ut˙ E-Dzikien˙, ¯},
    url = {www.mdpi.com/journal/applsci},
    doi = {10.3390/app10072221},
    keywords = {BiLSTM, LSTM, encoder-decoder architecture, fastText and BERT word embeddings, generative chatbot}
}

@article{Irie2011ALocalization,
    title = {{A high dynamic range vision approach to outdoor localization}},
    year = {2011},
    journal = {Proceedings - IEEE International Conference on Robotics and Automation},
    author = {Irie, Kiyoshi and Yoshida, Tomoaki and Tomono, Masahiro},
    pages = {5179--5184},
    isbn = {9781612843865},
    doi = {10.1109/ICRA.2011.5980281},
    issn = {10504729}
}

@article{SchopsAVideos,
    title = {{A Multi-View Stereo Benchmark with High-Resolution Images and Multi-Camera Videos}},
    author = {Sch{\"{o}}ps, Thomas and Sch{\"{o}}nberger, Johannes L and Galliani, Silvano and Sattler, Torsten and Schindler, Konrad and Pollefeys, Marc and Geiger, Andreas},
    url = {www.eth3d.net.}
}

@article{Lhuillier2005AImages,
    title = {{A quasi-dense approach to surface reconstruction from uncalibrated images}},
    year = {2005},
    journal = {IEEE Transactions on Pattern Analysis and Machine Intelligence},
    author = {Lhuillier, Maxime and Quan, Long},
    number = {3},
    month = {3},
    pages = {418--433},
    volume = {27},
    doi = {10.1109/TPAMI.2005.44},
    issn = {01628828},
    pmid = {15747796},
    keywords = {3D modeling, Level-set method, Matching, Structure from motion, Surface reconstruction, Three-dimensional reconstruction, Uncertainty, Variational calculus}
}

@inproceedings{Jiang2021ADevelopments,
    title = {{A Review of Yolo Algorithm Developments}},
    year = {2021},
    booktitle = {Procedia Computer Science},
    author = {Jiang, Peiyuan and Ergu, Daji and Liu, Fangyao and Cai, Ying and Ma, Bo},
    pages = {1066--1073},
    volume = {199},
    publisher = {Elsevier B.V.},
    doi = {10.1016/j.procs.2022.01.135},
    issn = {18770509},
    keywords = {Object detection, Public data analysis, Review, Yolo}
}

@article{Kupfer2015AnImages,
    title = {{An efficient SIFT-based mode-seeking algorithm for sub-pixel registration of remotely sensed images}},
    year = {2015},
    journal = {IEEE Geoscience and Remote Sensing Letters},
    author = {Kupfer, Benny and Netanyahu, Nathan S. and Shimshoni, Ilan},
    number = {2},
    pages = {379--383},
    volume = {12},
    publisher = {Institute of Electrical and Electronics Engineers Inc.},
    doi = {10.1109/LGRS.2014.2343471},
    issn = {1545598X},
    keywords = {Feature correspondence, image registration (IR), mode-seeking scale-invariant feature transform (SIFT), remotely sensed images}
}

@article{Nister2004AnProblem,
    title = {{An efficient solution to the five-point relative pose problem}},
    year = {2004},
    journal = {IEEE Transactions on Pattern Analysis and Machine Intelligence},
    author = {Nist{\'{e}}r, David},
    number = {6},
    month = {6},
    pages = {756--770},
    volume = {26},
    doi = {10.1109/TPAMI.2004.17},
    issn = {01628828},
    pmid = {18579936},
    keywords = {Camera calibration, Ego-motion estimation, Imaging geometry, Motion, Relative orientation, Scene reconstruction, Structure from motion}
}

@article{Wang2021AnCharacteristics,
    title = {{An improved method for Stable Feature Points Selection in Structure from Motion considering image semantic and structural characteristics}},
    year = {2021},
    journal = {MDPI},
    author = {Wang, Fei and Liu, Zhendong and Zhu, Hongchun and Wu, Pnegda and {Li Chengming}}
}

@article{Wang2014AnAlgorithm,
    title = {{An Improved Patch based Multi-View Stereo (PMVS) Algorithm}},
    year = {2014},
    journal = {Proceedings of the 3rd International Conference on Computer Science and Service System},
    author = {Wang, Lichun * and Chen, Ran and Kong, Dehui},
    month = {6},
    pages = {9--12},
    volume = {109},
    publisher = {Atlantis Press},
    url = {https://www.atlantis-press.com/proceedings/csss-14/12641},
    isbn = {978-94-6252-012-7},
    doi = {10.2991/CSSS-14.2014.3},
    issn = {1951-6851},
    keywords = {Multi-view reconstruction, PMVS, quasi-dense matching}
}

@misc{AppleAppleSpecifications,
    title = {{Apple IPhone 12 Mini Camera Technical Specifications}},
    author = {{Apple}}
}

@article{YoonLee2016ArtificialField,
    title = {{Artificial Intelligence Technology Trends and IBM Watson References in the Medical Field}},
    year = {2016},
    journal = {Korean Medical Education Review},
    author = {Yoon Lee, Kang and Kim, ㆍJunhewk},
    number = {2},
    month = {6},
    pages = {51--57},
    volume = {18},
    publisher = {Yonsei university college of medicine},
    url = {http://dx.doi.org/10.17496/kmer.2016.18.2.51http://orcid.org/0000-0003-3078-6166},
    doi = {10.17496/KMER.2016.18.2.51},
    issn = {2092-5603},
    keywords = {Artificial intelligence, Clinical decision support systems, Cloud computing, Delivery of health care, Hospital oncology service}
}

@inproceedings{Lazebnik2006BeyondCategories,
    title = {{Beyond bags of features: Spatial pyramid matching for recognizing natural scene categories}},
    year = {2006},
    booktitle = {Proceedings of the IEEE Computer Society Conference on Computer Vision and Pattern Recognition},
    author = {Lazebnik, Svetlana and Schmid, Cordelia and Ponce, Jean},
    pages = {2169--2178},
    volume = {2},
    isbn = {0769525970},
    doi = {10.1109/CVPR.2006.68},
    issn = {10636919}
}

@book{Triggs2000BookVisionAlgorithmsTheoryAndPract,
    title = {{BookVisionAlgorithmsTheoryAndPract}},
    year = {2000},
    author = {Triggs, Ben and Zisserman, Andrew and Szeliski, Richard},
    publisher = {Springer}
}

@article{Rollins2013BreastfeedingFuture,
    title = {{Breastfeeding and HIV transmission in the developing world: Past, present, future}},
    year = {2013},
    journal = {Current Opinion in HIV and AIDS},
    author = {Rollins, Nigel and Coovadia, Hoosen M.},
    number = {5},
    month = {9},
    pages = {467--473},
    volume = {8},
    url = {https://journals.lww.com/co-hivandaids/Fulltext/2013/09000/Breastfeeding_and_HIV_transmission_in_the.15.aspx},
    doi = {10.1097/COH.0B013E3283632BA2},
    issn = {1746630X},
    keywords = {HIV, antiretroviral drugs, breastfeeding, mortality, transmission}
}

@techreport{Cushing1998BreastfeedingInfants,
    title = {{Breastfeeding Reduces Risk of Respiratory Illness in Infants}},
    year = {1998},
    author = {Cushing, Alice H and Samet, Jonathan M and Lambert, William E and Skipper, Betty J and Hunt, William C and Young, Stephen A and Mclaren, Leroy C and Samet, Jonathan},
    number = {9},
    volume = {147},
    url = {https://academic.oup.com/aje/article/147/9/863/68114}
}

@misc{BundleDiagram,
    title = {{Bundle Adjustment Diagram}},
    url = {https://prezi.com/ifc3okefudyh/httpimagesslideplayercom258037305slidesslide_2jpg/}
}

@article{Chen2019BundleRevisited,
    title = {{Bundle Adjustment Revisited}},
    year = {2019},
    journal = {Arxiv},
    author = {Chen, Yu and Chen, Yisong and Wang, Guoping},
    month = {12},
    url = {http://arxiv.org/abs/1912.03858},
    arxivId = {1912.03858}
}

@misc{AgarwalCeresLibrary,
    title = {{Ceres Solver, A Large Scale Non-linear Optimization Library}},
    author = {Agarwal, Sameer and Mierele, keir and {The Ceres Solver Team}},
    url = {http://ceres-solver.org/ https://github.com/ceres-solver/ceres-solver}
}

@article{Adamopoulou2020Chatbots:Applications,
    title = {{Chatbots: History, technology, and applications}},
    year = {2020},
    journal = {Machine Learning with Applications},
    author = {Adamopoulou, Eleni and Moussiades, Lefteris},
    month = {12},
    pages = {100006},
    volume = {2},
    publisher = {Elsevier},
    doi = {10.1016/J.MLWA.2020.100006},
    issn = {2666-8270}
}

@article{Adamopoulou2020Chatbots:Applicationsb,
    title = {{Chatbots: History, technology, and applications}},
    year = {2020},
    journal = {Machine Learning with Applications},
    author = {Adamopoulou, Eleni and Moussiades, Lefteris},
    month = {12},
    pages = {100006},
    volume = {2},
    publisher = {Elsevier BV},
    doi = {10.1016/J.MLWA.2020.100006},
    issn = {26668270}
}

@misc{Groger2012CityGMLModels,
    title = {{CityGML - Interoperable semantic 3D city models}},
    year = {2012},
    booktitle = {ISPRS Journal of Photogrammetry and Remote Sensing},
    author = {Gr{\"{o}}ger, Gerhard and Pl{\"{u}}mer, Lutz},
    month = {7},
    pages = {12--33},
    volume = {71},
    doi = {10.1016/j.isprsjprs.2012.04.004},
    issn = {09242716},
    keywords = {City, GIS, Interoperability, Standards, Three-dimensional, Urban}
}

@misc{CityscapesScenes,
    title = {{Cityscapes Dataset – Semantic Understanding of Urban Street Scenes}},
    url = {https://www.cityscapes-dataset.com/}
}

@article{Khalil2021CognitiveImplementation,
    title = {{Cognitive Computing for Human-Machine Interaction: An IBM Watson Implementation}},
    year = {2021},
    journal = {Advances in Intelligent Systems and Computing},
    author = {Khalil, Khurram and Asgher, Umer and Ayaz, Yasar and Ahmad, Riaz and Ruiz, Jose Arzola and Oka, Noriyuki and Ali, Sara and Sajid, Muhammad},
    pages = {400--406},
    volume = {1201 AISC},
    publisher = {Springer},
    url = {https://link.springer.com/chapter/10.1007/978-3-030-51041-1_53},
    isbn = {9783030510404},
    doi = {10.1007/978-3-030-51041-1{\_}53/COVER},
    issn = {21945365},
    keywords = {Artificial intelligence, Cognitive computing, Deep learning, Machine learning, Natural language processing}
}

@misc{COLMAPDocumentation,
    title = {{COLMAP documentation}},
    url = {https://colmap.github.io/tutorial.html}
}

@techreport{Leibe2004CombinedModel,
    title = {{Combined Object Categorization and Segmentation with an Implicit Shape Model}},
    year = {2004},
    author = {Leibe, Bastian and Schiele, Bernt},
    url = {http://www.vision.ethz.ch/pccv}
}

@misc{Agapito2022COMP0130SLAM,
    title = {{COMP0130 Robot VIsion and Navigation Part 3 Visual SLAM}},
    year = {2022},
    booktitle = {UCL},
    author = {Agapito, Lourdes and Julier, Simon and Scaramuzza, J and Engel, J and Newcombe, R},
    url = {https://moodle.ucl.ac.uk/pluginfile.php/3949609/mod_resource/content/0/Slides_Robot_Vision_Lecture1.pdf}
}

@misc{Julier2022COMP0130:SLAM,
    title = {{COMP0130: Robotic Vision and Navigation, Lecture 05A: Motivation and Basic Concepts of Localization, Odometry, Mapping and SLAM}},
    year = {2022},
    booktitle = {UCL },
    author = {Julier, Simon},
    url = {https://moodle.ucl.ac.uk/pluginfile.php/3867101/mod_resource/content/2/COMP0130-Lecture_05A_-_Motivation_and_Illustration_of_SLAM_Systems.pdf}
}

@misc{RowellCOMP0132/colmap_colab.ipynbJoerowelll/COMP0132,
    title = {{COMP0132/colmap{\_}colab.ipynb {\textperiodcentered} joerowelll/COMP0132}},
    author = {Rowell, Joseph},
    url = {https://github.com/joerowelll/COMP0132/blob/main/colmap_colab.ipynb}
}

@misc{ComputationalBooks,
    title = {{Computational Geometry: An Introduction - Franco P. Preparata, Michael I. Shamos - Google Books}},
    url = {https://books.google.co.uk/books?hl=en&lr=&id=_p3eBwAAQBAJ&oi=fnd&pg=PA1&dq=mathematical+review+of+planar+intersection&ots=BcXrw3_en_&sig=oyWDtW3qRKhVbavveBFlh_DP9nY&redir_esc=y#v=onepage&q=mathematical%20review%20of%20planar%20intersection&f=false}
}

@book{Szeliski2011ComputerApplication,
    title = {{Computer Vision Algorithms and Application}},
    year = {2011},
    author = {Szeliski, Richard},
    publisher = {Springer},
    url = {https://link.springer.com/content/pdf/10.1007/978-1-84882-935-0.pdf},
    isbn = {e-ISBN 978-1-84882-935-0},
    issn = {e-ISSN 1868-095X}
}

@inproceedings{Fleet2014Computer2014,
    title = {{Computer Vision – ECCV 2014}},
    year = {2014},
    author = {Fleet, David and Pajdla, Tomas and Schiele, Bernt and Tuytelaars, TInne},
    editor = {Fleet, David and Pajdla, Tomas and Schiele, Bernt and Tuytelaars, Tinne},
    series = {Lecture Notes in Computer Science},
    volume = {8693},
    publisher = {Springer International Publishing},
    url = {http://link.springer.com/10.1007/978-3-319-10602-1},
    address = {Cham},
    isbn = {978-3-319-10601-4},
    doi = {10.1007/978-3-319-10602-1}
}

@article{Nikoohemat2021ConsistencyChecking,
    title = {{Consistency grammar for 3D indoor model checking}},
    year = {2021},
    journal = {Transactions in GIS},
    author = {Nikoohemat, Shayan and Diakit{\'{e}}, Abdoulaye A. and Lehtola, Ville and Zlatanova, Sisi and Vosselman, George},
    number = {1},
    month = {2},
    pages = {189--212},
    volume = {25},
    publisher = {Blackwell Publishing Ltd},
    doi = {10.1111/tgis.12686},
    issn = {14679671}
}

@article{LinCopy-moveMatching,
    title = {{Copy-move forgery detection using combined features and transitive matching}},
    author = {Lin, Cong and Lu, Wei and Huang, Xinchao and Liu, · Ke and Sun, Wei and Lin, Hanhui and Tan, Zhiyuan},
    url = {https://doi.org/10.1007/s11042-018-6922-4},
    doi = {10.1007/s11042-018-6922-4},
    keywords = {Copy-move forgery, Image segmentation, Internet of things, LIOP, Multimedia big data, Multimedia forensics, Region duplication detection}
}

@techreport{Sung2018DeepFunctions,
    title = {{Deep Functional Dictionaries: Learning Consistent Semantic Structures on 3D Models from Functions}},
    year = {2018},
    author = {Sung, Minhyuk and Su, Hao and Yu, Ronald and Guibas, Leonidas}
}

@article{Chen2016DeepLab:CRFs,
    title = {{DeepLab: Semantic Image Segmentation with Deep Convolutional Nets, Atrous Convolution, and Fully Connected CRFs}},
    year = {2016},
    journal = {IEEE Transactions on Pattern Analysis and Machine Intelligence},
    author = {Chen, Liang Chieh and Papandreou, George and Kokkinos, Iasonas and Murphy, Kevin and Yuille, Alan L.},
    number = {4},
    month = {6},
    pages = {834--848},
    volume = {40},
    publisher = {IEEE Computer Society},
    url = {https://arxiv.org/abs/1606.00915v2},
    doi = {10.48550/arxiv.1606.00915},
    issn = {01628828},
    pmid = {28463186},
    arxivId = {1606.00915},
    keywords = {Convolutional neural networks, atrous convolution, conditional random fields, semantic segmentation}
}

@article{Chen2016DeepLab:CRFsb,
    title = {{DeepLab: Semantic Image Segmentation with Deep Convolutional Nets, Atrous Convolution, and Fully Connected CRFs}},
    year = {2016},
    journal = {IEEE Transactions on Pattern Analysis and Machine Intelligence},
    author = {Chen, Liang Chieh and Papandreou, George and Kokkinos, Iasonas and Murphy, Kevin and Yuille, Alan L.},
    number = {4},
    month = {6},
    pages = {834--848},
    volume = {40},
    publisher = {IEEE Computer Society},
    url = {https://arxiv.org/abs/1606.00915v2},
    doi = {10.48550/arxiv.1606.00915},
    issn = {01628828},
    pmid = {28463186},
    arxivId = {1606.00915},
    keywords = {Convolutional neural networks, atrous convolution, conditional random fields, semantic segmentation}
}

@article{Cazals2006DelaunayReconstruction,
    title = {{Delaunay triangulation based surface reconstruction}},
    year = {2006},
    journal = {Effective Computational Geometry for Curves and Surfaces},
    author = {Cazals, Frédéric and Giesen, Joachim},
    pages = {231--276},
    publisher = {Springer Berlin Heidelberg},
    url = {https://link.springer.com/chapter/10.1007/978-3-540-33259-6_6},
    isbn = {9783540332589},
    doi = {10.1007/978-3-540-33259-6{\_}6/COVER}
}

@article{KimDigitalModels,
    title = {{Digital Surface Model Interpolation Based on 3D Mesh Models}},
    author = {Kim, Soohyeon and Rhee, Sooahm and Kim, Taejung},
    url = {www.mdpi.com/journal/remotesensing},
    doi = {10.3390/rs11010024},
    keywords = {digital surface model (DSM), interpolation, mesh, surface reconstruction}
}

@article{Lowe2004DistinctiveKeypoints,
    title = {{Distinctive Image Features from Scale-Invariant Keypoints}},
    year = {2004},
    journal = {International Journal of Computer Vision},
    author = {Lowe, David G},
    number = {2},
    pages = {91--110},
    volume = {60},
    keywords = {image matching, invariant features, object recognition, scale invariance}
}

@article{Lowe2004DistinctiveKeypointsb,
    title = {{Distinctive Image Features from Scale-Invariant Keypoints}},
    year = {2004},
    journal = {International Journal of Computer Vision},
    author = {Lowe, David G},
    number = {2},
    pages = {91--110},
    volume = {60},
    keywords = {image matching, invariant features, object recognition, scale invariance}
}

@article{Han2020DRWR:Images,
    title = {{DRWR: A Differentiable Renderer without Rendering for Unsupervised 3D Structure Learning from Silhouette Images}},
    year = {2020},
    journal = {37th International Conference on Machine Learning, ICML 2020},
    author = {Han, Zhizhong and Chen, Chao and Liu, Yu Shen and Zwicker, Matthias},
    month = {7},
    pages = {3952--3963},
    volume = {PartF168147-6},
    publisher = {International Machine Learning Society (IMLS)},
    url = {https://arxiv.org/abs/2007.06127v1},
    isbn = {9781713821120},
    doi = {10.48550/arxiv.2007.06127},
    arxivId = {2007.06127}
}

@misc{EBSCOhostDecisions.,
    title = {{EBSCOhost | 100820926 | Watson Will See You Now: A Supercomputer to Help Clinicians Make Informed Treatment Decisions.}},
    url = {https://web.s.ebscohost.com/abstract?direct=true&profile=ehost&scope=site&authtype=crawler&jrnl=10921095&AN=100820926&h=8PNSSOjonscKdeftIGNnycmQHtnVxzcOc9ydY8igq1Gw9ump7H%2fgaqgUv%2f%2bq%2b5xasA4BH8ChmTTNQ4hDjDh%2f0g%3d%3d&crl=c&resultNs=AdminWebAuth&resultLocal=ErrCrlNotAuth&crlhashurl=login.aspx%3fdirect%3dtrue%26profile%3dehost%26scope%3dsite%26authtype%3dcrawler%26jrnl%3d10921095%26AN%3d100820926}
}

@misc{Jiang2020EfficientTools,
    title = {{Efficient structure from motion for large-scale UAV images: A review and a comparison of SfM tools}},
    year = {2020},
    booktitle = {ISPRS Journal of Photogrammetry and Remote Sensing},
    author = {Jiang, San and Jiang, Cheng and Jiang, Wanshou},
    month = {9},
    pages = {230--251},
    volume = {167},
    publisher = {Elsevier B.V.},
    doi = {10.1016/j.isprsjprs.2020.04.016},
    issn = {09242716},
    keywords = {Bundle adjustment, Divide-and-conquer, Match pair selection, Outlier removal, Structure-from-motion, Unmanned aerial vehicle}
}

@article{Chen2018Encoder-DecoderSegmentation,
    title = {{Encoder-Decoder with Atrous Separable Convolution for Semantic Image Segmentation}},
    year = {2018},
    journal = {Proceedings of the European Conference on Computer Vision (ECCV), 2018, pp. 801-818},
    author = {Chen, Liang-Chieh and Zhu, Yukun and Papandreou, George and Florian, Schroff},
    url = {https://openaccess.thecvf.com/content_ECCV_2018/html/Liang-Chieh_Chen_Encoder-Decoder_with_Atrous_ECCV_2018_paper.html}
}

@article{Chen2018Encoder-DecoderSegmentationb,
    title = {{Encoder-Decoder with Atrous Separable Convolution for Semantic Image Segmentation}},
    year = {2018},
    journal = {Lecture Notes in Computer Science (including subseries Lecture Notes in Artificial Intelligence and Lecture Notes in Bioinformatics)},
    author = {Chen, Liang Chieh and Zhu, Yukun and Papandreou, George and Schroff, Florian and Adam, Hartwig},
    month = {2},
    pages = {833--851},
    volume = {11211 LNCS},
    publisher = {Springer Verlag},
    url = {https://arxiv.org/abs/1802.02611v3},
    isbn = {9783030012335},
    doi = {10.48550/arxiv.1802.02611},
    issn = {16113349},
    arxivId = {1802.02611},
    keywords = {Depthwise separable convolution, Encoder-decoder, Semantic image segmentation, Spatial pyramid pooling}
}

@article{DeepakGeethaViswanathanFeaturesFAST,
    title = {{Features from Accelerated Segment Test (FAST)}},
    author = {{Deepak Geetha Viswanathan}}
}

@misc{FFMPEG,
    title = {{FFMPEG}},
    publisher = {https://ffmpeg.org/},
    url = {https://ffmpeg.org/}
}

@article{Shelhamer2014FullySegmentation,
    title = {{Fully Convolutional Networks for Semantic Segmentation}},
    year = {2014},
    journal = {IEEE Transactions on Pattern Analysis and Machine Intelligence},
    author = {Shelhamer, Evan and Long, Jonathan and Darrell, Trevor},
    number = {4},
    month = {11},
    pages = {640--651},
    volume = {39},
    publisher = {IEEE Computer Society},
    url = {https://arxiv.org/abs/1411.4038v2},
    doi = {10.48550/arxiv.1411.4038},
    issn = {01628828},
    pmid = {27244717},
    arxivId = {1411.4038},
    keywords = {Convolutional Networks, Deep Learning, Semantic Segmentation, Transfer Learning}
}

@misc{GoogleGoogleEarth,
    title = {{Google Earth}},
    booktitle = {https://www.google.com/earth/index.html},
    author = {{Google}}
}

@book{Olivas2009HandbookTechniques,
    title = {{Handbook of research on machine learning applications and trends: Algorithms, methods, and techniques: Algorithms, methods, and techniques}},
    year = {2009},
    author = {Olivas, ES and Guerrero, JDM and Martinez-Sober, M},
    url = {https://books.google.co.uk/books?hl=en&lr=&id=gFpKXO8H_6YC&oi=fnd&pg=PP1&dq=Handbook+Of+Research+On+Machine+Learning+Applications+and+Trends:+Algorithms,+Methods+and+Techniques&ots=6NQhLSpCeu&sig=6Cv18sp2kVwWtMdTvsV4kaQOoFk}
}

@article{Morgan2016HowVisualSFM,
    title = {{How to VisualSFM}},
    year = {2016},
    author = {Morgan, Jacob A and Brogan, Daniel J},
    url = {http://adv-geo-research.blogspot.com/},
    doi = {10.1109/TPAMI.2009.161}
}

@article{Chen2016IBMResearch,
    title = {{IBM Watson: How Cognitive Computing Can Be Applied to Big Data Challenges in Life Sciences Research}},
    year = {2016},
    journal = {Clinical Therapeutics},
    author = {Chen, Ying and Argentinis, Elenee and Weber, Griff},
    number = {4},
    month = {4},
    pages = {688--701},
    volume = {38},
    publisher = {Elsevier},
    doi = {10.1016/J.CLINTHERA.2015.12.001},
    issn = {0149-2918},
    pmid = {27130797},
    keywords = {big data, cognitive computing, data science, drug discovery, genetics, personalized medicine}
}

@misc{IEEEPDF:,
    title = {{IEEE Xplore Full-Text PDF:}},
    url = {https://ieeexplore.ieee.org/stamp/stamp.jsp?tp=&arnumber=1640800}
}

@article{KerstenInteractionMotion,
    title = {{Interaction between Transparency and Structure from Motion}},
    author = {Kersten, Daniel and Bulthoff, Heinrich H and Schwartz, Bennett L and Kurtz, Kenneth J}
}

@article{BrownInvariantGroups,
    title = {{Invariant Features from Interest Point Groups}},
    author = {Brown, Matthew and Lowe, David}
}

@misc{ISOStandard,
    title = {{ISO Standard }},
    booktitle = {ISO},
    url = {https://www.iso.org/standard/66175.html}
}

@misc{LaMDA:Technology,
    title = {{LaMDA: our breakthrough conversation technology}},
    url = {https://blog.google/technology/ai/lamda/}
}

@techreport{Hartley1997LinesTensor,
    title = {{Lines and Points in Three Views and the Trifocal Tensor}},
    year = {1997},
    booktitle = {International Journal of Computer Vision},
    author = {Hartley, Richard I and Crd, G E},
    number = {2},
    pages = {125--140},
    volume = {16},
    publisher = {Kluwer Academic Publishers},
    keywords = {projective reconstruction, structure from motion, trifocal tensor, trilinear relation}
}

@article{Lorensen1987MarchingAlgorithm,
    title = {{Marching cubes: A high resolution 3D surface construction algorithm}},
    year = {1987},
    journal = {ACM SIGGRAPH Computer Graphics},
    author = {Lorensen, William E. and Cline, Harvey E.},
    number = {4},
    month = {8},
    pages = {163--169},
    volume = {21},
    publisher = {{\\\}		ACM{\\\}		PUB27{\\\}		New York, NY, USA{\\\}	},
    url = {https://dl.acm.org/doi/10.1145/37402.37422},
    doi = {10.1145/37402.37422},
    issn = {00978930},
    keywords = {35 Additional Keywords: computer graphics, CR Categories: 33, medical imaging, surface reconstruction}
}

@article{MeshLabMeshes,
    title = {{MeshLab the open source system for processing and editing 3D triangular meshes}},
    url = {http://github.com/cnr-isti-vclab/meshlab/releases/download/v2016.12/MeshLab2016.12.exe}
}

@article{Snavely2008ModelingCollections,
    title = {{Modeling the world from Internet photo collections}},
    year = {2008},
    journal = {International Journal of Computer Vision},
    author = {Snavely, Noah and Seitz, Steven M. and Szeliski, Richard},
    number = {2},
    month = {11},
    pages = {189--210},
    volume = {80},
    doi = {10.1007/s11263-007-0107-3},
    issn = {09205691},
    keywords = {3D navigation, 3D scene analysis, Internet imagery, Photo browsers, Structure from motion}
}

@article{Gurram2021MonocularSelf-Supervision,
    title = {{Monocular Depth Estimation Through Virtual-World Supervision and Real-World SfM Self-Supervision}},
    year = {2021},
    journal = {IEEE Transactions on Intelligent Transportation Systems},
    author = {Gurram, Akhil and Tuna, Ahmet Faruk and Shen, Fengyi and Urfalioglu, Onay and Lopez, Antonio M.},
    month = {8},
    publisher = {Institute of Electrical and Electronics Engineers Inc.},
    doi = {10.1109/TITS.2021.3117059},
    issn = {15580016},
    arxivId = {2103.12209},
    keywords = {ADAS, Autonomous driving, Domain adaptation, On-board vision, Self-supervised monocular depth estimation}
}

@article{Davison2007MonoSLAM:SLAM,
    title = {{MonoSLAM: Real-time single camera SLAM}},
    year = {2007},
    journal = {IEEE Transactions on Pattern Analysis and Machine Intelligence},
    author = {Davison, Andrew J. and Reid, Ian D. and Molton, Nicholas D. and Stasse, Olivier},
    number = {6},
    month = {6},
    pages = {1052--1067},
    volume = {29},
    doi = {10.1109/TPAMI.2007.1049},
    issn = {01628828},
    pmid = {17431302},
    keywords = {3D/stereo scene analysis, Autonomous vehicles, Tracking}
}

@article{OzdenMultibodyPractice,
    title = {{Multibody Structure-from-Motion in Practice}},
    author = {Ozden, K E and Schindler, ♦ K and Van Gool, ♠ L},
    keywords = {Index Terms-Structure-from-motion, affine degeneracy, model selection, motion segmentation, scale ambiguity}
}

@book{Hartley2004MultipleVision,
    title = {{Multiple view geometry in computer vision}},
    year = {2004},
    author = {Hartley, Richard and Zisserman, Andrew},
    edition = {},
    pages = {655},
    isbn = {9780521540513}
}

@article{Hartley2004Multiple11343,
    title = {{Multiple View Geometry in Computer Vision (Cited by: 11343)}},
    year = {2004},
    journal = {Cambridge University Press},
    author = {Hartley, Richard and Zisserman, Andrew},
    chapter = {189},
    number = {2},
    pages = {672},
    volume = {2},
    publisher = {Cambridge University Press},
    url = {http://www.robots.ox.ac.uk/~vgg/hzbook/},
    isbn = {0521540518},
    issn = {05215405},
    keywords = {geometric principles}
}

@article{NadkarniNaturalIntroduction,
    title = {{Natural language processing: an introduction}},
    author = {Nadkarni, Prakash M and Ohno-Machado, Lucila and Chapman, Wendy W},
    url = {https://academic.oup.com/jamia/article/18/5/544/829676},
    doi = {10.1136/amiajnl-2011-000464}
}

@misc{NHSReview,
    title = {{NHS England » National Maternity Review}},
    url = {https://www.england.nhs.uk/mat-transformation/implementing-better-births/mat-review/}
}

@book{Wright2006Nocedal-Wright2006_Book_NumericalOptimization,
    title = {{Nocedal-Wright2006{\_}Book{\_}NumericalOptimization}},
    year = {2006},
    author = {Wright, Stephen and Nocedal, Jorge},
    edition = {Second Edition},
    publisher = {Springer}
}

@techreport{FergusObjectLearning,
    title = {{Object Class Recognition by Unsupervised Scale-Invariant Learning}},
    author = {Fergus, R and Perona, P and Zisserman, A},
    url = {http://www.robots.ox.ac.uk/}
}

@article{Felzenszwalb2010ObjectModels,
    title = {{Object detection with discriminatively trained part-based models}},
    year = {2010},
    journal = {IEEE Transactions on Pattern Analysis and Machine Intelligence},
    author = {Felzenszwalb, Pedro F. and Girshick, Ross B. and McAllester, David and Ramanan, Deva},
    number = {9},
    pages = {1627--1645},
    volume = {32},
    doi = {10.1109/TPAMI.2009.167},
    issn = {01628828},
    pmid = {20634557},
    keywords = {Object recognition, deformable models, discriminative training, latent SVM., pictorial structures}
}

@article{Philbin2007ObjectMatching,
    title = {{Object retrieval with large vocabularies and fast spatial matching}},
    year = {2007},
    journal = {Proceedings of the IEEE Computer Society Conference on Computer Vision and Pattern Recognition},
    author = {Philbin, James and Chum, Ondřej and Isard, Michael and Sivic, Josef and Zisserman, Andrew},
    isbn = {1424411807},
    doi = {10.1109/CVPR.2007.383172},
    issn = {10636919}
}

@article{Hornung2013OctoMap:Octrees,
    title = {{OctoMap: An Efficient Probabilistic 3D Mapping Framework Based on Octrees}},
    year = {2013},
    journal = {Autonomous Robots},
    author = {Hornung, Armin and Wurm, Kai M and Bennewitz, Maren and Stachniss, Cyrill and Burgard, Wolfram},
    url = {http://octomap.github.com.},
    doi = {10.1007/s10514-012-9321-0},
    keywords = {3D {\textperiodcentered}, Mapping {\textperiodcentered}, Navigation, Probabilistic {\textperiodcentered}}
}

@article{Stathopoulou2019OPEN-SOURCEEVALUATION,
    title = {{OPEN-SOURCE IMAGE-BASED 3D RECONSTRUCTION PIPELINES: REVIEW, COMPARISON AND EVALUATION}},
    year = {2019},
    author = {Stathopoulou, E.-K and Welponer, M and Remondino, F},
    doi = {10.5194/isprs-archives-XLII-2-W17-331-2019},
    keywords = {MVS, SfM, dense image matching, image orientation, photogrammetry, validation}
}

@article{Moulon2017OpenMVG:Geometry,
    title = {{OpenMVG: Open multiple view geometry}},
    year = {2017},
    journal = {Lecture Notes in Computer Science (including subseries Lecture Notes in Artificial Intelligence and Lecture Notes in Bioinformatics)},
    author = {Moulon, Pierre and Monasse, Pascal and Perrot, Romuald and Marlet, Renaud},
    pages = {60--74},
    volume = {10214 LNCS},
    publisher = {Springer Verlag},
    isbn = {9783319564135},
    doi = {10.1007/978-3-319-56414-2{\_}5},
    issn = {16113349},
    keywords = {3D reconstruction, C++, Computer vision, Multiple-view geometry, Open source, Reproducible research, Structure from motion}
}

@article{Mur-Artal2017ORB-SLAM2:Cameras,
    title = {{ORB-SLAM2: An Open-Source SLAM System for Monocular, Stereo, and RGB-D Cameras}},
    year = {2017},
    journal = {IEEE Transactions on Robotics},
    author = {Mur-Artal, Raul and Tardos, Juan D.},
    number = {5},
    month = {10},
    pages = {1255--1262},
    volume = {33},
    publisher = {Institute of Electrical and Electronics Engineers Inc.},
    doi = {10.1109/TRO.2017.2705103},
    issn = {15523098},
    arxivId = {1610.06475},
    keywords = {Localization, RGB-D, mapping, simultaneous localization and mapping (SLAM), stereo}
}

@article{Rublee2011ORB:SURF,
    title = {{ORB: An efficient alternative to SIFT or SURF}},
    year = {2011},
    journal = {Proceedings of the IEEE International Conference on Computer Vision},
    author = {Rublee, Ethan and Rabaud, Vincent and Konolige, Kurt and Bradski, Gary},
    pages = {2564--2571},
    isbn = {9781457711015},
    doi = {10.1109/ICCV.2011.6126544}
}

@misc{ORCHA,
    title = {{ORCHA}},
    url = {https://appfinder.orcha.co.uk/}
}

@article{Hartley2007Parameter-freeEstimation,
    title = {{Parameter-free radial distortion correction with center of distortion estimation}},
    year = {2007},
    journal = {IEEE Transactions on Pattern Analysis and Machine Intelligence},
    author = {Hartley, Richard and Kang, Sing Bing},
    number = {8},
    month = {8},
    pages = {1309--1321},
    volume = {29},
    doi = {10.1109/TPAMI.2007.1147},
    issn = {01628828},
    keywords = {Camera calibration, Fundamental matrix, Radial distortion}
}

@article{Maiti2016PerformanceImages,
    title = {{Performance analysis of different surface reconstruction algorithms for 3D reconstruction of outdoor objects from their digital images}},
    year = {2016},
    journal = {SpringerPlus},
    author = {Maiti, Abhik and Chakravarty, Debashish},
    number = {1},
    month = {12},
    volume = {5},
    publisher = {Springer},
    url = {/pmc/articles/PMC4929111/ /pmc/articles/PMC4929111/?report=abstract https://www.ncbi.nlm.nih.gov/pmc/articles/PMC4929111/},
    doi = {10.1186/S40064-016-2425-9},
    issn = {21931801},
    pmid = {27386376},
    keywords = {3D reconstruction, Ball-pivoting algorithm, Photogrammetry, Point cloud, Poisson surface reconstruction}
}

@techreport{SnavelyPhoto3D,
    title = {{Photo Tourism: Exploring Photo Collections in 3D}},
    author = {Snavely, Noah and Seitz, Steven M and Szeliski, Richard and Research, Microsoft},
    url = {www.cc.gatech.edu/4d-cities},
    keywords = {CR Categories: H51 [Information Interfaces and Presentation]: Multimedia Information Systems-Artificial, and vir-tual realities I210 [Artificial Intelligence]: Vision and Scene Understanding-Modeling and recovery of physical attributes Keywords: image-based rendering, augmented, image-based modeling, photo browsing, structure from motion}
}

@article{SchonbergerPixelwiseStereo,
    title = {{Pixelwise View Selection for Unstructured Multi-View Stereo}},
    author = {Sch{\"{o}}nberger, Johannes L and Zheng, Enliang and Pollefeys, Marc and Frahm, Jan-Michael},
    url = {https://github.com/colmap/colmap.},
    keywords = {Fig 1 Reconstructions for Louvre, Paris Opera, Todai-ji, and Astronomical Clock}
}

@article{LiuPlaneRCNN:Image,
    title = {{PlaneRCNN: 3D Plane Detection and Reconstruction from a Single Image}},
    author = {Liu, Chen and Kim, Kihwan and Gu, Jinwei and Furukawa, Yasutaka and Kautz, Jan},
    arxivId = {1812.04072v2}
}

@article{QiPointNet:Material,
    title = {{PointNet: Deep Learning on Point Sets for 3D Classification and Segmentation Supplementary Material}},
    author = {Qi, Charles R and Su, Hao and Mo, Kaichun and Guibas, Leonidas J}
}

@article{Kazhdan2006PoissonReconstruction,
    title = {{Poisson Surface Reconstruction}},
    year = {2006},
    journal = {Eurographics Symposium on Geometry Processing},
    author = {Kazhdan, Michael and Bolitho, Matthew and Hoppe, Hugues}
}

@article{MaryRenfrewPreventingUK,
    title = {{Preventing disease and saving resources: the potential contribution of increasing breastfeeding rates in the UK}},
    author = {Mary Renfrew, Professor J},
    keywords = {NEC, NHS, SIDS, UK, benefits, breast cancer, breastfeeding, cost analysis, cost savings, disease, gastroenteritis, government, health, health inequalities, illness, investment, lower respiratory tract infections, necrotising enterocoloitis, otitis media, parents, protect, renfrew, support, support for mothers, unicef}
}

@article{Liu2017QualityIntersection,
    title = {{Quality improvement of surface triangular mesh using a modified Laplacian smoothing approach avoiding intersection}},
    year = {2017},
    author = {Liu, Tiantian and Chen, Minxin and Song, Yu and Li, Hongliang and Lu, Benzhuo},
    isbn = {1111111111},
    doi = {10.6084/m9.figshare}
}

@article{Fischler1981RandomConsensus,
    title = {{Random sample consensus}},
    year = {1981},
    journal = {Communications of the ACM},
    author = {Fischler, Martin A. and Bolles, Robert C.},
    number = {6},
    month = {6},
    pages = {381--395},
    volume = {24},
    publisher = {{\\\}		ACM{\\\}		PUB27{\\\}		New York, NY, USA{\\\}	},
    url = {https://dl.acm.org/doi/abs/10.1145/358669.358692},
    doi = {10.1145/358669.358692},
    issn = {15577317},
    keywords = {automated cartography, camera calibration, image matching, location determination, model fitting, scene analysis}
}

@article{Holz2012Real-timeCameras,
    title = {{Real-time plane segmentation using RGB-D cameras}},
    year = {2012},
    journal = {Lecture Notes in Computer Science (including subseries Lecture Notes in Artificial Intelligence and Lecture Notes in Bioinformatics)},
    author = {Holz, Dirk and Holzer, Stefan and Rusu, Radu Bogdan and Behnke, Sven},
    pages = {306--317},
    volume = {7416 LNCS},
    publisher = {Springer, Berlin, Heidelberg},
    url = {https://link.springer.com/chapter/10.1007/978-3-642-32060-6_26},
    isbn = {9783642320590},
    doi = {10.1007/978-3-642-32060-6{\_}26/COVER},
    issn = {03029743}
}

@article{Cui2021RecognitionLidar,
    title = {{Recognition of indoor glass by 3D lidar}},
    year = {2021},
    journal = {2021 5th CAA International Conference on Vehicular Control and Intelligence, CVCI 2021},
    author = {Cui, Gaojian and Chu, Mingyang and Wangjun, Wangjun and Li, Shaosong},
    publisher = {Institute of Electrical and Electronics Engineers Inc.},
    isbn = {9781665408462},
    doi = {10.1109/CVCI54083.2021.9661198},
    keywords = {border detection, intelligent detection, lidar, transparent glass}
}

@article{MaReconstructingPriors,
    title = {{Reconstructing Surfaces for Sparse Point Clouds with On-Surface Priors}},
    author = {Ma, Baorui and Liu, Yu-Shen and Han, Zhizhong},
    url = {https://github.com/mabaorui/OnSurfacePrior.},
    arxivId = {2204.10603v1}
}

@article{Chen2017RethinkingSegmentation,
    title = {{Rethinking Atrous Convolution for Semantic Image Segmentation}},
    year = {2017},
    journal = {Arxiv},
    author = {Chen, Liang-Chieh and Papandreou, George and Schroff, Florian and Adam, Hartwig},
    arxivId = {1706.05587v3}
}

@techreport{Pagination2019RobotAuthors,
    title = {{Robot Operating System-The Complete Reference (Volume 4) Several authors}},
    year = {2019},
    author = {{Pagination} and {Cover}},
    url = {www.cister-labs.pt}
}

@article{Pagination2019RobotAuthorsb,
    title = {{Robot Operating System-The Complete Reference (Volume 4) Several authors}},
    year = {2019},
    author = {{Pagination} and {Cover}},
    url = {www.cister-labs.pt}
}

@techreport{TyrerRoboticsContents,
    title = {{Robotics and artificial intelligence in extreme environments project directory Robotics for a safer world: Contents}},
    author = {Tyrer, Andrew}
}

@article{Dai2017ScanNet:Scenes,
    title = {{ScanNet: Richly-Annotated 3D Reconstructions of Indoor Scenes}},
    year = {2017},
    author = {Dai, Angela and Chang, Angel X. and Savva, Manolis and Halber, Maciej and Funkhouser, Thomas and Niessner, Matthias},
    pages = {5828--5839},
    url = {www.scan-net.org}
}

@article{KazhdanScreenedReconstruction,
    title = {{Screened Poisson Surface Reconstruction}},
    journal = {ACM Trans. Graph. NN, N, Article NN (Month YYYY)},
    author = {Kazhdan, Michael and Hopkins University, Johns and Hoppe, Hugues},
    url = {http://doi.acm.org/10.1145/XXXXXXX.YYYYYYY},
    doi = {10.1145/XXXXXXX.YYYYYYY},
    keywords = {H Screened Poisson surface reconstruction, I35 [Computer Graphics]: Compu-tational Geometry and Object Modeling Additional Key Words and Phrases: screened Poisson equation, M, adaptive octree, and Hoppe, finite elements, surface fitting ACM Reference Format: Kazhdan}
}

@techreport{Wei2021SemanticDetection,
    title = {{Semantic Consistency Networks for 3D Object Detection}},
    year = {2021},
    author = {Wei, Wenwen and Wei, Ping and Zheng, Nanning},
    url = {www.aaai.org},
    keywords = {Computer Vision: 3D Computer Vision, Computer Vision: Object Detection {\&} Categorization, Computer Vision: Scene Analysis {\&} Understanding, Machine Learning: (Deep) Neural Network Algorithms}
}

@techreport{Toft2018SemanticLocalization,
    title = {{Semantic Match Consistency for Long-Term Visual Localization}},
    year = {2018},
    author = {Toft, Carl and Stenborg, Erik and Hammarstrand, Lars and Brynte, Lucas and Pollefeys, Marc and Sattler, Torsten and Kahl, Fredrik},
    keywords = {Visual localization, camera pose es-timation, outlier rejection, self-driving cars, semantic segmentation}
}

@inproceedings{Bao2011SemanticMotion,
    title = {{Semantic structure from motion}},
    year = {2011},
    booktitle = {Proceedings of the IEEE Computer Society Conference on Computer Vision and Pattern Recognition},
    author = {Bao, Sid Yingze and Savarese, Silvio},
    pages = {2025--2032},
    publisher = {IEEE Computer Society},
    isbn = {9781457703942},
    doi = {10.1109/CVPR.2011.5995462},
    issn = {10636919}
}

@article{Bao2011SemanticMotionb,
    title = {{Semantic structure from motion}},
    year = {2011},
    journal = {Proceedings of the IEEE Computer Society Conference on Computer Vision and Pattern Recognition},
    author = {Bao, Sid Yingze and Savarese, Silvio},
    pages = {2025--2032},
    publisher = {IEEE Computer Society},
    isbn = {9781457703942},
    doi = {10.1109/CVPR.2011.5995462},
    issn = {10636919}
}

@article{Park2021SemanticLearning,
    title = {{Semantic Structure from Motion for Railroad Bridges Using Deep Learning}},
    year = {2021},
    journal = {MDPI},
    author = {Park, Gun and Hyuk Lee, Jae and Yoon, Hyungchul}
}

@inproceedings{Bao2011SemanticInteractions,
    title = {{Semantic structure from motion with object and point interactions}},
    year = {2011},
    booktitle = {Proceedings of the IEEE International Conference on Computer Vision},
    author = {Bao, Sid Yingze and Bagra, Mohit and Savarese, Silvio},
    pages = {982--989},
    isbn = {9781467300629},
    doi = {10.1109/ICCVW.2011.6130358}
}

@inproceedings{Bao2012SemanticObjects,
    title = {{Semantic structure from motion with points, regions, and objects}},
    year = {2012},
    booktitle = {Proceedings of the IEEE Computer Society Conference on Computer Vision and Pattern Recognition},
    author = {Bao, Sid Yingze and Bagra, Mohit and Chao, Yu Wei and Savarese, Silvio},
    pages = {2703--2710},
    isbn = {9781467312264},
    doi = {10.1109/CVPR.2012.6247992},
    issn = {10636919}
}

@article{Bao2022Semantic-DirectOdometry,
    title = {{Semantic-Direct Visual Odometry}},
    year = {2022},
    journal = {IEEE Robotics and Automation Letters},
    author = {Bao, Yaoqi and Yang, Zhe and Pan, Yun and Huan, Ruohong},
    number = {3},
    month = {7},
    pages = {6718--6725},
    volume = {7},
    publisher = {Institute of Electrical and Electronics Engineers Inc.},
    doi = {10.1109/LRA.2022.3176799},
    issn = {23773766},
    keywords = {Autonomous vehicle navigation, SLAM, semantic scene understanding}
}

@article{Sualeh2021SemanticsMODT,
    title = {{Semantics Aware Dynamic SLAM Based on 3D MODT}},
    year = {2021},
    journal = {Sensors},
    author = {Sualeh, M and Kim, G.-W},
    url = {https://doi.org/10.3390/s21196355},
    doi = {10.3390/s21196355},
    keywords = {3D multiple object detection, dynamic SLAM, multiple object tracking, semantics}
}

@article{Han2020SeqXY2SeqZ:Coordinates,
    title = {{SeqXY2SeqZ: Structure Learning for 3D Shapes by Sequentially Predicting 1D Occupancy Segments from 2D Coordinates}},
    year = {2020},
    journal = {Lecture Notes in Computer Science (including subseries Lecture Notes in Artificial Intelligence and Lecture Notes in Bioinformatics)},
    author = {Han, Zhizhong and Qiao, Guanhui and Liu, Yu Shen and Zwicker, Matthias},
    pages = {607--625},
    volume = {12369 LNCS},
    publisher = {Springer Science and Business Media Deutschland GmbH},
    url = {https://link.springer.com/chapter/10.1007/978-3-030-58586-0_36},
    isbn = {9783030585853},
    doi = {10.1007/978-3-030-58586-0{\_}36/FIGURES/8},
    issn = {16113349},
    arxivId = {2003.05559},
    keywords = {3D reconstruction, Attention, Implicit function, RNN, Voxel grids}
}

@misc{SGPUCL,
    title = {{SGP | UCL}},
    url = {https://geometry.cs.ucl.ac.uk/projects/2015/dynamicSfM/}
}

@article{HanShapeCaptioner:Sentences,
    title = {{ShapeCaptioner: Generative Caption Network for 3D Shapes by Learning a Mapping from Parts Detected in Multiple Views to Sentences}},
    journal = {Proceedings of the 28th ACM International Conference on Multimedia},
    author = {Han, Zhizhong and Chen, Chao and Liu, Yu-Shen and Zwicker, Matthias},
    publisher = {ACM},
    url = {https://doi.org/10.1145/3394171.3413889},
    address = {New York, NY, USA},
    isbn = {9781450379885},
    doi = {10.1145/3394171},
    keywords = {3D shape captioning, Description generation, Multiple views, RNN., Semantic part detection}
}

@article{Daixian2010SIFTOptimization,
    title = {{SIFT algorithm analysis and optimization}},
    year = {2010},
    journal = {IASP 10 - 2010 International Conference on Image Analysis and Signal Processing},
    author = {Daixian, Zhu},
    pages = {415--419},
    isbn = {9781424455553},
    doi = {10.1109/IASP.2010.5476084},
    keywords = {Analysis and optimization, Chamfer distance, Comparability measurement, Image matching, SIFT}
}

@article{Osher2003SignedFunctions,
    title = {{Signed Distance Functions}},
    year = {2003},
    author = {Osher, Stanley and Fedkiw, Ronald},
    pages = {17--22},
    publisher = {Springer, New York, NY},
    url = {https://link.springer.com/chapter/10.1007/0-387-22746-6_2},
    doi = {10.1007/0-387-22746-6{\_}2}
}

@article{Sharma2016SpecialCross-sections,
    title = {{Special Section on Graphics Interface 2016 Signed distance based 3D surface reconstruction from unorganized planar cross-sections}},
    year = {2016},
    author = {Sharma, Ojaswa and Agarwal, Nidhi},
    url = {http://dx.doi.org/10.1016/j.cag.2016.12.002},
    doi = {10.1016/j.cag.2016.12.002},
    keywords = {3D reconstruction, Hermite mean-value interpolation, Planar cross-sections, Signed distance}
}

@article{Bay2007Speeded-UpSURF,
    title = {{Speeded-Up Robust Features (SURF)}},
    year = {2007},
    author = {Bay, Herbert and Ess, Andreas and Tuytelaars, Tinne and Van Gool, Luc},
    url = {www.sciencedirect.com},
    doi = {10.1016/j.cviu.2007.09.014},
    keywords = {Camera calibration, Feature description, Interest points, Local features, Object recognition}
}

@article{StructureCOLMAP,
    title = {{Structure from Motion Software COLMAP}},
    url = {https://www.youtube.com/watch?v=P-EC0DzeVEU}
}

@article{SchonbergerStructure-from-MotionRevisited,
    title = {{Structure-from-Motion Revisited}},
    author = {Sch{\"{o}}nberger, Johannes L and Frahm, Jan-Michael},
    url = {https://github.com/colmap/colmap.}
}

@article{Derpanis2004TheDetector,
    title = {{The Harris Corner Detector}},
    year = {2004},
    author = {Derpanis, Konstantinos G}
}

@article{Ullman1979TheMotion,
    title = {{The interpretation of structure from motion}},
    year = {1979},
    journal = {Proceedings of the Royal Society of London. Series B. Biological Sciences},
    author = {Ullman, S.},
    number = {1153},
    month = {1},
    pages = {405--426},
    volume = {203},
    publisher = {{\\\}The Royal Society{\\\}London{\\\}},
    url = {https://royalsocietypublishing.org/doi/epdf/10.1098/rspb.1979.0006},
    doi = {10.1098/RSPB.1979.0006},
    issn = {00804649},
    pmid = {34162}
}

@article{Ullman1979TheMotion.,
    title = {{The interpretation of structure from motion.}},
    year = {1979},
    journal = {Proceedings of the Royal Society of London. Series B, Containing papers of a Biological character. Royal Society (Great Britain)},
    author = {Ullman, S.},
    number = {1153},
    pages = {405--426},
    volume = {203},
    url = {https://royalsocietypublishing.org/},
    doi = {10.1098/RSPB.1979.0006},
    issn = {00804649},
    pmid = {34162}
}

@article{UllmanTheMotion,
    title = {{The interpretation of stucture from Motion}},
    journal = {MIT AI Lab},
    author = {Ullman, S},
    url = {https://dspace.mit.edu/bitstream/handle/1721.1/6298/AIM-476.pdf;jsessionid=5061ED3E1E49DDFD7B5786344FEA28FC?sequence=2}
}

@article{Everingham2015TheRetrospective,
    title = {{The PASCAL Visual Object Classes Challenge: A Retrospective}},
    year = {2015},
    journal = {Int J Comput Vis},
    author = {Everingham, Mark and Ali Eslami, S M and Van Gool, Luc and I Williams, Christopher K and Winn, John and Zisserman, Andrew and Everingham, M and A Eslami, S M and Winn, J and Van Gool Leuven, L KU and Van Gool ETH, Belgium L and K I Williams, Switzerland C and Zisserman, A},
    pages = {98--136},
    volume = {111},
    doi = {10.1007/s11263-014-0733-5},
    keywords = {Benchmark {\textperiodcentered}, Database {\textperiodcentered}, Object detection {\textperiodcentered}, Object recognition {\textperiodcentered}, Segmentation}
}

@techreport{TylecekTheDiscussion,
    title = {{The Second Workshop on 3D Reconstruction Meets Semantics: Challenge Results Discussion}},
    author = {Tylecek, Radim and Sattler, Torsten and Le, Hoang-An and Brox, Thomas and Pollefeys, Marc and Fisher, Robert B and Gevers, Theo},
    url = {http://trimbot2020.webhosting.rug.nl/events/3drms/challenge},
    keywords = {3D reconstruction, challenge, dataset, semantic segmentation}
}

@article{TheTensor,
    title = {{The Trifocal Tensor}}
}

@article{Adiwardana2020TowardsChatbot,
    title = {{Towards a Human-like Open-Domain Chatbot}},
    year = {2020},
    author = {Adiwardana, Daniel and Luong, Minh-Thang and So, David R. and Hall, Jamie and Fiedel, Noah and Thoppilan, Romal and Yang, Zi and Kulshreshtha, Apoorv and Nemade, Gaurav and Lu, Yifeng and Le, Quoc V.},
    month = {1},
    url = {https://arxiv.org/abs/2001.09977v3},
    doi = {10.48550/arxiv.2001.09977},
    arxivId = {2001.09977}
}

@book{Tamura2020TowardsDeformation,
    title = {{Towards Detailed 3D Modeling: Mesh Super-Resolution via Deformation; Towards Detailed 3D Modeling: Mesh Super-Resolution via Deformation}},
    year = {2020},
    author = {Tamura, Ryo and Ito, Seiya and Kaneko, Naoshi and Sumi, Kazuhiko},
    isbn = {9781728193311},
    doi = {10.1109/ICIEVicIVPR48672.2020.9306533},
    keywords = {3D mesh model, 3D reconstruction, super-resolution}
}

@article{Ng2021UncertaintyNavigation,
    title = {{Uncertainty Estimation of Dense Optical Flow for Robust Visual Navigation}},
    year = {2021},
    journal = {Sensors 2021, Vol. 21, Page 7603},
    author = {Ng, Yonhon and Li, Hongdong and Kim, Jonghyuk},
    number = {22},
    month = {11},
    pages = {7603},
    volume = {21},
    publisher = {Multidisciplinary Digital Publishing Institute},
    url = {https://www.mdpi.com/1424-8220/21/22/7603/htm https://www.mdpi.com/1424-8220/21/22/7603},
    doi = {10.3390/S21227603},
    issn = {1424-8220},
    pmid = {34833677},
    keywords = {dense optical flow, epipolar constraints, monocular visual navigation, uncertainty estimation}
}

@misc{Woebot,
    title = {{Woebot}},
    booktitle = {https://woebothealth.com/}
}

@misc{WysaHealth,
    title = {{Wysa - Everyday Mental Health}},
    url = {https://www.wysa.io/}
}

@misc{Chollet2017Xception:Convolutions,
    title = {{Xception: Deep Learning with Depthwise Separable Convolutions}},
    year = {2017},
    author = {Chollet, François},
    url = {https://paperswithcode.com/model/xception?variant=xception-1}
}

@article{RedmonYouDetection,
    title = {{You Only Look Once: Unified, Real-Time Object Detection}},
    author = {Redmon, Joseph and Divvala, Santosh and Girshick, Ross and Farhadi, Ali},
    url = {http://pjreddie.com/yolo/}
}